<?xml version="1.0" encoding="UTF-8"?><collection xmlns="http://www.loc.gov/MARC21/slim"><record><leader>00536nam--2200181-i-4500</leader><controlfield tag="001">000018263</controlfield><controlfield tag="002">20161230</controlfield><controlfield tag="005">20170204203613</controlfield><controlfield tag="008">060222s1000------------r-----000-0-fre-d</controlfield><datafield ind1=" " ind2=" " tag="040"><subfield code="a">IFIN-HH</subfield></datafield><datafield ind1=" " ind2=" " tag="041"><subfield code="a">fre</subfield></datafield><datafield ind1=" " ind2=" " tag="080"><subfield code="a">534</subfield></datafield><datafield ind1="1" ind2=" " tag="100"><subfield code="a">Fouille, A</subfield></datafield><datafield ind1="1" ind2="0" tag="245"><subfield code="a">Physique des vibrations a l usage des ingenieurs</subfield><subfield code="b">I.mouvements vibratoires. II.acoustique. III.optique physique. IV.radiations</subfield><subfield code="c">A. Fouille</subfield></datafield><datafield ind1=" " ind2=" " tag="260"><subfield code="a">Paris</subfield><subfield code="b">Dunod</subfield><subfield code="c">1954</subfield></datafield><datafield ind1=" " ind2=" " tag="300"><subfield code="a">XVIII + 546 p. cu figuri</subfield></datafield><datafield ind1=" " ind2=" " tag="852"><subfield code="a">14488</subfield><subfield code="c">534</subfield></datafield><datafield ind1=" " ind2=" " tag="CAT"><subfield code="a">SYS</subfield><subfield code="c">20170204</subfield><subfield code="h">203613</subfield></datafield></record></collection>